@misc{hot-water,
  title   = {Heitavatnsnotkun á höfuðborgarsvæðinu},
  year    = {2023},
  author  = {{Orkuveita Reykjavíkur}},
  company = {Reykjavíkurborg},
  note    = {Available online: \url{https://gagnagatt.reykjavik.is/dataset/heitavatnsnotkun_a_hofudborgarsvaedinu}}
}

@misc{cold-water,
  title   = {Heitavatnsnotkun á höfuðborgarsvæðinu},
  year    = {2023},
  author  = {{Orkuveita Reykjavíkur}},
  company = {Reykjavíkurborg},
  note    = {Available online: \url{https://gagnagatt.reykjavik.is/dataset/kaldavatnsnotkun_a_hofudborgarsvaedinu}}
}

@misc{weather,
  title  = {Ársmeðaltöl fyrir stöð 1 - Reykjavík},
  author = {{Veðurstofa Íslands}},
  year   = {2022},
  note   = {Available online: \url{https://www.vedur.is/Medaltalstoflur-txt/Stod_001_Reykjavik.ArsMedal.txt}}
}
